<record><leader>00000cas a22000007a 4500</leader><controlfield tag="001">13303680</controlfield><controlfield tag="008">860317c19719999wiuwr ne      0    0eng d</controlfield><datafield ind1=" " ind2=" " tag="010"><subfield code="a">sn 86086139 </subfield></datafield><datafield ind1=" " ind2=" " tag="040"><subfield code="a">NPV</subfield><subfield code="b">eng</subfield><subfield code="c">NPV</subfield><subfield code="d">EBZ</subfield><subfield code="d">OCLCQ</subfield></datafield><datafield ind1=" " ind2=" " tag="037"><subfield code="b">Marshall Bernhagen, 145 E. James, P.O. Box 188, Columbus, WI 53925</subfield></datafield><datafield ind1=" " ind2=" " tag="042"><subfield code="a">msc</subfield></datafield><datafield ind1=" " ind2=" " tag="045"><subfield code="a">x7--</subfield></datafield><datafield ind1=" " ind2=" " tag="052"><subfield code="a">4123</subfield><subfield code="b">C6</subfield></datafield><datafield ind1="0" ind2=" " tag="130"><subfield code="a">Columbus journal-republican (Columbus, Wis. : 1971)</subfield></datafield><datafield ind1="1" ind2="0" tag="245"><subfield code="a">Columbus journal-republican.</subfield></datafield><datafield ind1="1" ind2="3" tag="246"><subfield code="a">Journal-republican</subfield></datafield><datafield ind1="1" ind2="3" tag="246"><subfield code="a">Rio journal</subfield></datafield><datafield ind1=" " ind2=" " tag="260"><subfield code="a">Columbus, Wis. :</subfield><subfield code="b">L. Larson,</subfield><subfield code="c">1971-</subfield></datafield><datafield ind1=" " ind2=" " tag="300"><subfield code="a">v. :</subfield><subfield code="b">ill.</subfield></datafield><datafield ind1=" " ind2=" " tag="310"><subfield code="a">Weekly</subfield></datafield><datafield ind1="0" ind2=" " tag="362"><subfield code="a">Vol. 115, no. 22 (Feb. 25, 1971)-</subfield></datafield><datafield ind1=" " ind2=" " tag="500"><subfield code="a">Publisher varies.</subfield></datafield><datafield ind1=" " ind2=" " tag="500"><subfield code="a">Added masthead: Journal-Republican, July 20, 1972 - Feb. 15, 1973.</subfield></datafield><datafield ind1=" " ind2=" " tag="500"><subfield code="a">Added masthead: The Rio Journal, Feb 22, 1973-</subfield></datafield><datafield ind1=" " ind2=" " tag="500"><subfield code="a">Editors: L. Larson, Feb. 25, 1971-Feb. 15, 1973; J.T. Johnson, Feb. 22, 1973-Jan. 30, 1974; J. Konz, Feb. 7, 1974-Sept. 29, 1975; S. Samer, Nov. 3, 1975-Jan. 3, 1977; J. Kelsch, Jan. 10, 1977-Jan. 15, 1979; D. Gilbert, Jan. 22, 1979-March 12, 1979; J. Freitag, March 26, 1979-Aug. 25, 1980; B. Conover, Sept. 1, 1980-May 17, 1982; R. Radig, May 24, 1982-Aug. 8, 1983; S. Mitschele, Aug. 15, 1983-Dec. 5, 1983; D. Claffey, Dec. 12, 1973-April 30, 1984; B. Day, May 7, 1984-</subfield></datafield><datafield ind1=" " ind2=" " tag="525"><subfield code="a">Supplements accompany some issues.</subfield></datafield><datafield ind1=" " ind2=" " tag="530"><subfield code="a">Available on microfilm from The State Historical Society of Wisconsin.</subfield></datafield><datafield ind1=" " ind2=" " tag="752"><subfield code="a">United States</subfield><subfield code="b">Wisconsin</subfield><subfield code="c">Columbia</subfield><subfield code="d">Columbus.</subfield></datafield><datafield ind1=" " ind2=" " tag="752"><subfield code="a">United States</subfield><subfield code="b">Wisconsin</subfield><subfield code="c">Columbia</subfield><subfield code="d">Rio.</subfield></datafield><datafield ind1="0" ind2="0" tag="780"><subfield code="t">Journal-republican (Columbus, Wis. : 1971)</subfield><subfield code="w">(DLC)sn 86086138</subfield></datafield><datafield ind1="0" ind2="5" tag="780"><subfield code="t">Rio journal</subfield><subfield code="w">(DLC)sn 85041404</subfield></datafield><datafield ind1="1" ind2=" " tag="029"><subfield code="a">AU@</subfield><subfield code="b">000025823921</subfield></datafield></record>